@article{Lonnqvistetal2018,
author={Jan-Erik LÃ¶nnqvist and Leikas Sointu and Markku Verkasalo},
title = {Value change in men and women entering parenthood: New mothers' value priorities shift towards Conservation values},
journal = {Personality and Individual Differences},
volume = {120},
pages = {47-51},
year = {2018},
doi = {https://doi.org/10.1016/j.paid.2017.08.019},
url = {https://www.sciencedirect.com/science/article/pii/S0191886917305111}
}
@article{Danieletal2022,
author = {Ella Daniel and Anat Bardi and Ronald Fischer and Maya Benish-Weisman and Julie A. Lee},
title ={Changes in Personal Values in Pandemic Times},
journal = {Social Psychological and Personality Science},
volume = {13},
number = {2},
pages = {572-582},
year = {2022},
doi = {10.1177/19485506211024026},
URL = {https://doi.org/10.1177/19485506211024026}
}

@article{Schwartz2012,
  author = {Shalom H. Schwartz},
  title = {An overview of the Schwartz theory of basic values},
  year = {2012},
  journal = {Online Readings in Culture and Psychology},
  volume = {2},
  pages = {1},
  doi = {10.9707/2307-0919.1116},
}
@incollection{Schwartz1992,
  author = {Shalom H. Schwartz},
  title = {Universals in the content and structure of values: Theory and empirical tests in 20 countries},
  editor = {Mark P. Zanna},
  year = {1992},
  booktitle = {Advances in experimental social psychology},
  pages = {1-65},
  doi = {10.1016/S0065-2601(08)60281-6},
}
@misc{Schwartz2003,
   author = {Shalom H. Schwartz},
   title = {A Proposal for Measuring Value Orientations Across Nations. Chapter 7 in the Questionnaire Development Report of the European Social Survey},
   year = {2003},
   url = {http://www.europe-ansocialsurvey.org/docs/methodology/core_ess_questionnaire/ESS_core_questionnaire_human_values.pdf},
}
@misc{OECD2019,
author={OECD},
title={{Cryptoassets in Asia. Consumer attitudes, behaviours and experiences}},
year={2019},
url={https://www.google.com/url?client=internal-element-cse&cx=012432601748511391518:xzeadub0b0a&q=https://www.oecd.org/financial/education/consumer-insights-survey-on-cryptoassets.pdf&sa=U&ved=2ahUKEwiqirGGhu73AhUV_7sIHSIYC784ChAWegQIAxAB&usg=AOvVaw3cDPEcPWSlVpH_RQSrWyUX}
}